<record><leader>00000cas a2200000 a 4500</leader><controlfield tag="001">17390460</controlfield><controlfield tag="008">880125d19081911waudr ne      0    0eng d</controlfield><datafield ind1=" " ind2=" " tag="010"><subfield code="a">sn 88085406 </subfield></datafield><datafield ind1=" " ind2=" " tag="040"><subfield code="a">SLZ</subfield><subfield code="b">eng</subfield><subfield code="c">SLZ</subfield><subfield code="d">OCL</subfield><subfield code="d">OCLCQ</subfield><subfield code="d">DLC</subfield><subfield code="d">OCLCF</subfield></datafield><datafield ind1="1" ind2=" " tag="029"><subfield code="a">AU@</subfield><subfield code="b">000025816982</subfield></datafield><datafield ind1=" " ind2=" " tag="042"><subfield code="a">msc</subfield></datafield><datafield ind1=" " ind2=" " tag="043"><subfield code="a">n-us-wa</subfield></datafield><datafield ind1="0" ind2=" " tag="130"><subfield code="a">Morning union (Walla Walla, Wash.)</subfield></datafield><datafield ind1="1" ind2="0" tag="245"><subfield code="a">Morning union.</subfield></datafield><datafield ind1="3" ind2="0" tag="246"><subfield code="a">Sunday union-statesman</subfield></datafield><datafield ind1="3" ind2="0" tag="246"><subfield code="a">Sunday union</subfield></datafield><datafield ind1="3" ind2="0" tag="246"><subfield code="a">Walla Walla Sunday union</subfield></datafield><datafield ind1=" " ind2=" " tag="260"><subfield code="a">Walla Walla, Wash. :</subfield><subfield code="b">Union Print. and Pub. Co.</subfield></datafield><datafield ind1=" " ind2=" " tag="300"><subfield code="a">v.</subfield></datafield><datafield ind1=" " ind2=" " tag="310"><subfield code="a">Daily</subfield></datafield><datafield ind1="0" ind2=" " tag="362"><subfield code="a">Oct. 26, 1908-Feb. 8, 1911.</subfield></datafield><datafield ind1=" " ind2=" " tag="500"><subfield code="a">Sunday ed. called: Sunday union, 19 - ; Walla Walla Sunday union, 19 - ; Sunday union-statesman, Mar. 7, 1909-Feb. 5, 1911.</subfield></datafield><datafield ind1=" " ind2="0" tag="651"><subfield code="a">Walla Walla (Wash.)</subfield><subfield code="v">Newspapers.</subfield></datafield><datafield ind1=" " ind2="7" tag="655"><subfield code="a">Newspapers.</subfield><subfield code="2">fast</subfield><subfield code="0">(OCoLC)fst01423814</subfield></datafield><datafield ind1=" " ind2="7" tag="651"><subfield code="a">Washington (State)</subfield><subfield code="z">Walla Walla.</subfield><subfield code="2">fast</subfield><subfield code="0">(OCoLC)fst01208940</subfield></datafield><datafield ind1=" " ind2=" " tag="752"><subfield code="a">United States</subfield><subfield code="b">Washington</subfield><subfield code="c">Walla Walla</subfield><subfield code="d">Walla Walla.</subfield></datafield><datafield ind1="0" ind2="0" tag="780"><subfield code="t">Walla Walla daily union</subfield><subfield code="w">(DLC)sn 88085405</subfield></datafield><datafield ind1="0" ind2="5" tag="780"><subfield code="t">Evening statesman (Walla Walla, Wash.)</subfield><subfield code="x">2331-9771</subfield><subfield code="w">(DLC)sn 88085421</subfield><subfield code="w">(OCoLC)17397533</subfield></datafield><datafield ind1="0" ind2="0" tag="785"><subfield code="t">Walla Walla union (Walla Walla, Wash. : 1911)</subfield><subfield code="w">(DLC)sn 88085407</subfield></datafield></record>